@inproceedings{Jia2014Caffe,
  title={Caffe: Convolutional architecture for fast feature embedding},
  author={Jia, Yangqing and Shelhamer, Evan and Donahue, Jeff and Karayev, Sergey and Long, Jonathan and Girshick, Ross and Guadarrama, Sergio and Darrell, Trevor},
  booktitle={ACM International Conference on Multimedia},
  pages={675--678},
  year={2014},
  %organization={ACM}
}


@article{Hinton2010Practical,
  title={A practical guide to training restricted Boltzmann machines},
  author={Hinton, Geoffrey},
  journal={Momentum},
  volume={9},
  number={1},
  pages={926},
  year={2010}
}



@inproceedings{Nair2010Rectified,
  title={Rectified linear units improve restricted boltzmann machines},
  author={Nair, Vinod and Hinton, Geoffrey E},
  booktitle={Proceedings of the 27th International Conference on Machine Learning (ICML-10)},
  pages={807--814},
  year={2010}
}


@incollection{Lecun2012Efficient,
  title={Efficient backprop},
  author={LeCun, Yann A and Bottou, L{\'e}on and Orr, Genevieve B and M{\"u}ller, Klaus-Robert},
  booktitle={Neural networks: Tricks of the trade},
  pages={9--48},
  year={2012},
  publisher={Springer}
}


@inproceedings{He2015Delving,
  title={Delving deep into rectifiers: Surpassing human-level performance on imagenet classification},
  author={He, Kaiming and Zhang, Xiangyu and Ren, Shaoqing and Sun, Jian},
  booktitle={Proceedings of the IEEE International Conference on Computer Vision},
  pages={1026--1034},
  year={2015}
}

@article{Xu2015Empirical,
  title={Empirical evaluation of rectified activations in convolutional network},
  author={Xu, Bing and Wang, Naiyan and Chen, Tianqi and Li, Mu},
  journal={arXiv preprint arXiv:1505.00853},
  year={2015}
}


@inproceedings{Maas2013Rectifier,
  title={Rectifier nonlinearities improve neural network acoustic models},
  author={Maas, Andrew L and Hannun, Awni Y and Ng, Andrew Y},
  booktitle={Proc. ICML},
  volume={30},
  number={1},
  year={2013}
}


@article{Goodfellow2013Maxout,
  title={Maxout networks.},
  author={Goodfellow, Ian J and Warde-Farley, David and Mirza, Mehdi and Courville, Aaron C and Bengio, Yoshua},
  journal={ICML (3)},
  volume={28},
  pages={1319--1327},
  year={2013}
}




@article{Clevert2015Fast,
  title={Fast and accurate deep network learning by exponential linear units (elus)},
  author={Clevert, Djork-Arn{\'e} and Unterthiner, Thomas and Hochreiter, Sepp},
  journal={arXiv preprint arXiv:1511.07289},
  year={2015}
}



@article{Ioffe2015Batch,
  title={Batch normalization: Accelerating deep network training by reducing internal covariate shift},
  author={Ioffe, Sergey and Szegedy, Christian},
  journal={arXiv:1502.03167},
  year={2015}
}



@article{Perner2002Mining,
  title={Mining knowledge for {HE}p-2 cell image classification},
  author={Perner, Petra and Perner, Horst and M{\"u}ller, Bernd},
  journal={Artificial Intelligence in Medicine},
  volume={26},
  number={1},
  pages={161--173},
  year={2002},
  %publisher={Elsevier}
}



@inproceedings{Foggia2010Early,
  title={Early experiences in mitotic cells recognition on {HE}p-2 slides},
  author={Foggia, Pasquale and Percannella, Gennaro and Soda, Paolo and Vento, Mario},
  booktitle={IEEE International Symposium on Com-puter-based Medical Systems},
  pages={38--43},
  year={2010},
  %organization={IEEE}
}




@inproceedings{Krizhevsky2012Imagenet,
  title={Imagenet Classification with Deep Convolutional Neural Networks},
  author={Krizhevsky, Alex and Sutskever, Ilya and Hinton, Geoffrey E},
  booktitle={Advances in Neural Information Processing Systems},
  pages={1097--1105},
  year={2012}
}



@inproceedings{Gao2014Hep,
  title={{HE}p-2 cell image classification with convolutional neural networks},
  author={Gao, Zhimin and Zhang, Jianjia and Zhou, Luping and Wang, Lei},
  booktitle={IEEE Workshop on Pattern Recognition Techniques for Indirect Immunofluorescence Images},
  pages={24--28},
  year={2014},
  %organization={IEEE}
}


@article{Li2016Deep,
  title={Deep CNNs for {HE}p-2 Cells Classification: A Cross-specimen Analysis},
  author={Li, Hongwei and Zhang, Jianguo and Zheng, Wei-Shi},
  journal={arXiv preprint arXiv:1604.05816},
  year={2016}
}

@inproceedings{Bayramoglu2015Human,
  title={Human Epithelial Type 2 cell classification with convolutional neural networks},
  author={Bayramoglu, Neslihan and Kannala, Juho and Heikkil{\"a}, Janne},
  booktitle={IEEE International Conference on Bioinformatics and Bioengineering},
  pages={1--6},
  year={2015},
  %organization={IEEE}
}


@inproceedings{He2015Deep,
  title={Deep residual learning for image recognition},
  author={He, Kaiming and Zhang, Xiangyu and Ren, Shaoqing and Sun, Jian},
  booktitle={IEEE Conference on Computer Vision and Pattern Recognition},
  year={2016}
}

@inproceedings{Girshick2014Rich,
  title={Rich Feature Hierarchies for Accurate Object Detection and Semantic Segmentation},
  author={Girshick, Ross and Donahue, Jeff and Darrell, Trevor and Malik, Jitendra},
  booktitle={IEEE Conference on Computer Vision and Pattern Recognition},
  pages={580--587},
  year={2014}
}

@inproceedings{Girshick2015Fast,
  title={Fast {R-CNN}},
  author={Girshick, Ross},
  booktitle={IEEE International Conference on Computer Vision},
  pages={1440--1448},
  year={2015}
}

@inproceedings{Ren2015Faster,
  title={Faster {R-CNN}: Towards real-time object detection with region proposal networks},
  author={Ren, Shaoqing and He, Kaiming and Girshick, Ross and Sun, Jian},
  booktitle={Advances in Neural Information Processing Systems},
  pages={91--99},
  year={2015}
}


@Article{Simonyan2014Very,
    title= {Very Deep Convolutional Networks for Large-Scale Image Recognition},
    author={Simonyan, K. and Zisserman, A.},
    journal={arXiv preprint arXiv:1409.1556},
    year={2014}
}

@inproceedings{Zeiler2014Visualizing,
  title={Visualizing and understanding convolutional networks},
  author={Zeiler, Matthew D and Fergus, Rob},
  booktitle={European Conference on Computer Vision},
  pages={818--833},
  year={2014},
  %organization={Springer}
}


@inproceedings{Nair2010Rectified,
  title={Rectified linear units improve restricted boltzmann machines},
  author={Nair, Vinod and Hinton, Geoffrey E},
  booktitle={International Conference on Machine Learning},
  pages={807--814},
  year={2010}
}

@inproceedings{He2015Delving,
  title={Delving deep into rectifiers: Surpassing human-level performance on imagenet classification},
  author={He, Kaiming and Zhang, Xiangyu and Ren, Shaoqing and Sun, Jian},
  booktitle={IEEE International Conference on Computer Vision},
  pages={1026--1034},
  year={2015}
}

@article{Xu2015Empirical,
  title={Empirical evaluation of rectified activations in convolutional network},
  author={Xu, Bing and Wang, Naiyan and Chen, Tianqi and Li, Mu},
  journal={arXiv preprint arXiv:1505.00853},
  year={2015}
}


@inproceedings{Maas2013Rectifier,
  title={Rectifier nonlinearities improve neural network acoustic models},
  author={Maas, Andrew L and Hannun, Awni Y and Ng, Andrew Y},
  booktitle={Proc. ICML},
  volume={30},
  number={1},
  year={2013}
}


@article{Goodfellow2013Maxout,
  title={Maxout networks.},
  author={Goodfellow, Ian J and Warde-Farley, David and Mirza, Mehdi and Courville, Aaron C and Bengio, Yoshua},
  journal={ICML (3)},
  volume={28},
  pages={1319--1327},
  year={2013}
}




@article{Clevert2015Fast,
  title={Fast and accurate deep network learning by exponential linear units (elus)},
  author={Clevert, Djork-Arn{\'e} and Unterthiner, Thomas and Hochreiter, Sepp},
  journal={arXiv preprint arXiv:1511.07289},
  year={2015}
}


@incollection{Lecun2012Efficient,
  title={Efficient backprop},
  author={LeCun, Yann A and Bottou, L{\'e}on and Orr, Genevieve B and M{\"u}ller, Klaus-Robert},
  booktitle={Neural networks: Tricks of the trade},
  pages={9--48},
  year={2012},
  publisher={Springer}
}

@inproceedings{Theera2005White,
  title={White blood cell segmentation and classification in microscopic bone marrow images},
  author={Theera-Umpon, Nipon},
  booktitle={International Conference on Fuzzy Systems and Kn-owledge Discovery},
  pages={787--796},
  year={2005},
  %organization={Springer}
}



@article{Srivastava2014Dropout,
  title={Dropout: a simple way to prevent neural networks from overfitting.},
  author={Srivastava, Nitish and Hinton, Geoffrey E and Krizhevsky, Alex and Sutskever, Ilya and Salakhutdinov, Ruslan},
  journal={Journal of Machine Learning Research},
  volume={15},
  number={1},
  pages={1929--1958},
  year={2014}
}


@article{Nosaka2014Hep,
  title={{HE}p-2 cell classification using rotation invariant co-occurrence among local binary patterns},
  author={Nosaka, Ryusuke and Fukui, Kazuhiro},
  journal={Pattern Recognition},
  volume={47},
  number={7},
  pages={2428--2436},
  year={2014},
  %publisher={Elsevier}
}


@article{Stoklasa2014Efficient,
  title={Efficient {k-NN} based HEp-2 cells classifier},
  author={Stoklasa, Roman and Majtner, Tom{\'a}{\v{s}} and Svoboda, David},
  journal={Pattern Recognition},
  volume={47},
  number={7},
  pages={2409--2418},
  year={2014},
  %publisher={Elsevier}
}


@article{Wong2014Asymmetric,
  title={Asymmetric-detection time-stretch optical microscopy ({ATOM}) for high-contrast and high-speed microfluidic cellular ima-ging},
  author={Wong, Terence TW and Lau, Andy KS and Tang, Matthew YH and Ho, Kenneth KY and Wong, Kenneth KY and Shum, Anderson HC and Tsia, Kevin K},
  journal={Scientific Reports},
  volume={4},
  year={2014}
}


@inproceedings{Xie2015Accelerated,
  title={Accelerated cell imaging and classification on {FPGA}s for quantitative-phase asymmetric-detection time-stre-tch optical microscopy},
  author={Xie, Junyi and Niu, Xinyu and Lau, Andy KS and Tsia, Kevin K and So, Hayden KH},
  booktitle={IEEE International Conference on Field Programmable Technology},
  pages={1--8},
  year={2015},
  %organization={IEEE}
}


